@BOOK{free-body,
AUTHOR = "H C Verma",
TITLE = "Concepts of Physics Vol 1",
PUBLISHER = "Bharati Bhavan Publications",
YEAR=1992
}

@BOOK{pendulum-motion,
AUTHOR = "I E Irodov",
TITLE = "Fundamentals of Mechanics",
PUBLISHER = "CBS Publishers",
YEAR=1980
}

@BOOK{see-saw,
AUTHOR = "Stephen Crandall",
TITLE = "Introduction to the Mechanics of Solids",
PUBLISHER = "Tata McGraw Hill",
YEAR=2000
}

@ONLINE{google,
author = {Larry Page, Sergey Brin},
title = {"www.google.co.in"},
month = September,
year = {1998},
url = {http://www.google.co.in/}
}

@ONLINE{stackoverflow,
author = {Jeff Atwood, Joel Spolsky},
title = {"www.stackoverflow.com"},
month = August,
year = {2008},
url = {http://www.stackoverflow.com/}
}

@ONLINE{iforce2d,
author = {Box2d Junkie},
title = {"www.iforce2d.net"},
url = {http://www.iforce2d.net/}
}
